@BOOK{book:gof,
 title = {Design Patterns Elements of Reusable Object-Oriented Software},
 author = {Eric Gamma and Richard Helm and Ralph Johnson and John Vlissides},
 publisher="Addison-Wesley Pub Co",
 year = 1995
 }
 
@BOOK{book:alexandrescu,
 title = {Modern C++ Design: Generic Programming and Design Patterns Applied},
 author = {Andrei Alexandrescu},
 publisher = "Addision-Wesley",
 year = 2001
 }
 
 