%%% bibliography stile

@misc{web:cpp11wiki,
    title="Wiki page with {C++11} information",
    url="http://en.wikipedia.org/wiki/C++11",
    note="Online; Apr. 2014"
}

@misc{web:cpprefwiki,
    title="{C++11} reference wiki",
    url="http://en.cppreference.com/w/",
    note="Online; Apr. 2014"
}

@misc{web:boostsite,
    title="{BOOST} {C++} libraries",
    url="http://www.boost.org/",
    note="Online; Apr. 2014"
}

@misc{web:doxygen,
    title="Doxygen documentation generator",
    url="http://www.stack.nl/~dimitri/doxygen/index.html",
    note="Online; Apr. 2014"
}

@misc{web:cmake,
    title="{CMAKE} build system",
    url="http://www.cmake.org/",
    note="Online; Apr. 2014"
}

@misc{web:cppunit,
    title="{C++} unit testing framework",
    url="http://sourceforge.net/apps/mediawiki/cppunit/index.php?title=Main_Page",
    note="Online; Apr. 2014"
}

@misc{web:pkgconfig,
    title="Utility to manage libraries on Linux and Windows",
    url="http://www.freedesktop.org/wiki/Software/pkg-config/",
    note="Online; Apr. 2014"
}
